<?xml version="1.0" encoding="UTF-8"?><collection xmlns="http://www.loc.gov/MARC21/slim"><record><leader>00372nam--2200133-i-4500</leader><controlfield tag="001">000031645</controlfield><controlfield tag="002">20161230</controlfield><controlfield tag="005">20161230201038</controlfield><controlfield tag="008">060222s1000------------r-----000-0-eng-d</controlfield><datafield ind1=" " ind2=" " tag="245"><subfield code="a">Magnetism and electromagnetism</subfield></datafield><datafield ind1=" " ind2=" " tag="260"><subfield code="a">New York, John F. Rider Publ., Inc., 1959. Vi+96p., 40 Fig</subfield></datafield><datafield ind1=" " ind2=" " tag="490"><subfield code="a">Electronic Technology Series</subfield></datafield><datafield ind1=" " ind2=" " tag="700"><subfield code="a">Schure, Alexander</subfield></datafield><datafield ind1=" " ind2=" " tag="852"><subfield code="a">11550</subfield></datafield></record></collection>